@Book{Sakai,
  author =	"{酒井 聡樹}",
  title  = 	"{これから論文を書く若者のために}", 
  publisher =	"{共立出版}",
  year   =	 2002
}


@Article{Inaba_IJRR2000,
  fullauthor = 	"M.Inaba and S. Kagami and F. Kanehiro and Y. Hoshino
		  and H. Inoue",
  author = 	"M.Inaba and S. Kagami and F. Kanehiro and Y. Hoshino
		  and H. Inoue",
  title  = 	"{A Platform for Robotics Research Based on the
		  Remote-Brained Robot Approach}",
  journal = 	"The International Journal of Robotics Research",
  volume = {19},
  number = {10},
  pages  = {933--954},
  year   = 2000
}

@InProceedings{EusLisp:Matsui:SPDP94,
  author = {T. Matsui}, 
  title  = 	 "{Multithread object-oriented language euslisp for parallel and asynchronous programming in robotics}", 
  booktitle = 	"Workshop on Concurrent Object-based Systems, IEEE 6th Symposium on Parallel and Distributed Processing",
  year   =	 1994,
  pages  =	 {}
}

@article{SIFT,
author="LOWE, D. G.",
title="Distinctive image features from scale-invariant keypoints",
journal="International Journal of Computer Vision",
ISSN="",
publisher="",
year="2004",
month="",
volume="60",
number="2",
pages="91-110",
URL="https://ci.nii.ac.jp/naid/20001459338/en/",
DOI="",
}

@article{ANN,
 author = {Arya, Sunil and Mount, David M. and Netanyahu, Nathan S. and Silverman, Ruth and Wu, Angela Y.},
 title = {An Optimal Algorithm for Approximate Nearest Neighbor Searching Fixed Dimensions},
 journal = {J. ACM},
 issue_date = {Nov. 1998},
 volume = {45},
 number = {6},
 month = nov,
 year = {1998},
 issn = {0004-5411},
 pages = {891--923},
 numpages = {33},
 url = {http://doi.acm.org/10.1145/293347.293348},
 doi = {10.1145/293347.293348},
 acmid = {293348},
 publisher = {ACM},
 address = {New York, NY, USA},
 keywords = {approximation algorithms, box-decomposition trees, closet-point queries, nearest neighbor searching, post-office problem, priority search},
}

@article{RANSAC,
 author = {Fischler, Martin A. and Bolles, Robert C.},
 title = {Random Sample Consensus: A Paradigm for Model Fitting with Applications to Image Analysis and Automated Cartography},
 journal = {Commun. ACM},
 issue_date = {June 1981},
 volume = {24},
 number = {6},
 month = jun,
 year = {1981},
 issn = {0001-0782},
 pages = {381--395},
 numpages = {15},
 url = {http://doi.acm.org/10.1145/358669.358692},
 doi = {10.1145/358669.358692},
 acmid = {358692},
 publisher = {ACM},
 address = {New York, NY, USA},
 keywords = {automated cartography, camera calibration, image matching, location determination, model fitting, scene analysis},
}

@article{Rome,
 author = {Agarwal, Sameer and Furukawa, Yasutaka and Snavely, Noah and Simon, Ian and Curless, Brian and Seitz, Steven M. and Szeliski, Richard},
 title = {Building Rome in a Day},
 journal = {Commun. ACM},
 issue_date = {October 2011},
 volume = {54},
 number = {10},
 month = oct,
 year = {2011},
 issn = {0001-0782},
 pages = {105--112},
 numpages = {8},
 url = {http://doi.acm.org/10.1145/2001269.2001293},
 doi = {10.1145/2001269.2001293},
 acmid = {2001293},
 publisher = {ACM},
 address = {New York, NY, USA},
}

